<?xml version="1.0" encoding="UTF-8"?><collection><record><leader>03729ntm a2200433 a 4500</leader><controlfield tag="001">006832514</controlfield><controlfield tag="003">MiAaHDL</controlfield><controlfield tag="005">20190719000000.0</controlfield><controlfield tag="006">m        d        </controlfield><controlfield tag="007">cr bn ---auaua</controlfield><controlfield tag="008">090629s1745    xx            00| ||ara d</controlfield><datafield tag="035" ind1=" " ind2=" "><subfield code="a">(MiU)006832514</subfield></datafield><datafield tag="035" ind1=" " ind2=" "><subfield code="a">sdr-miu006832514</subfield></datafield><datafield tag="040" ind1=" " ind2=" "><subfield code="a">MiU</subfield><subfield code="c">MiU</subfield><subfield code="e">amremm</subfield></datafield><datafield tag="043" ind1=" " ind2=" "><subfield code="a">n-us-mi</subfield></datafield><datafield tag="245" ind1="0" ind2="0"><subfield code="6">880-03</subfield><subfield code="a">Majmūʻat adab,</subfield><subfield code="f">[ca. 1158, i.e. 1745].</subfield></datafield><datafield tag="246" ind1="3" ind2="8"><subfield code="a">مجموعة ادب</subfield></datafield><datafield tag="260" ind1=" " ind2=" "><subfield code="c">[ca. 1745].</subfield></datafield><datafield tag="300" ind1=" " ind2=" "><subfield code="a">152 leaves :</subfield><subfield code="b">paper ;</subfield><subfield code="c">166 x 105 (160 x 100) bound to 172 x 116 mm.</subfield></datafield><datafield tag="500" ind1=" " ind2=" "><subfield code="a">Shelfmark: Ann Arbor, University of Michigan, Special Collections Library, Isl. Ms. 945</subfield></datafield><datafield tag="500" ind1=" " ind2=" "><subfield code="a">Origin: Lacks dated colophon, though a birth notice for Aḥmad ibn Muḥammad ibn Zayn al-ʻĀbidīn al-Ghazzī al-ʻĀmirī (احمد بن محمد بن زين العابدين الغزي العامري) dated 24 Ramaḍān 1158 [October 1745] in Damascus as well as accompanying poetic excerpts (on the occasion of his birth) appears at close on pp.298-99 in what appears to be the second copyist's hand. Paper, hand, etc. certainly suggest a mid-18th century dating.</subfield></datafield><datafield tag="500" ind1=" " ind2=" "><subfield code="a">Former shelfmark: Mich. Isl. Ms. temp. no. 94</subfield></datafield><datafield tag="500" ind1=" " ind2=" "><subfield code="a">Binding: Boards covered in black cloth with black leather over spine (quarter binding) ; Western style binding ; pastedowns and flyleaves in wove paper printed with a floral vegetal pattern in pink and green ; spine gold-stamped with title and decorative accents over raised bands "مجموعة ادب" ; now stab sewn in white thread ; stuck-on endbands in maroon cloth ; overall in fairly good condition.</subfield></datafield><datafield tag="500" ind1=" " ind2=" "><subfield code="a">Support: European laid paper ; mainly with 12 laid lines per cm. (horizontal), chain lines spaced 22-24 mm. apart (vertical), and watermark of grapes under crown and cartouche with heart and initials (see p.14, 20, 68, 106, 298), sturdy, well-burnished to glossy, dark cream to buff in color ; final leaf (perhaps originally served as flyleaf) in type with three crescent watermark (see p.304).</subfield></datafield><datafield tag="500" ind1=" " ind2=" "><subfield code="a">Script: Naskh ; at least two, clear though somewhat awkward Syrian hands ; opening hand serifless with slight effect of tilt to the left, curvilinear descenders, mainly open counters, pointing in distinct dots ; elsewhere a more angular hand with dramatic inclination to the right, more rectilinear descenders, still mainly serifless.</subfield></datafield><datafield tag="500" ind1=" " ind2=" "><subfield code="a">Layout: Highly varies, though roughly 12-21 lines per page, divided to two columns.</subfield></datafield><datafield tag="500" ind1=" " ind2=" "><subfield code="a">Collation: Gatherings virtually impossible to examine due to tight sewing ; catchwords present ; pagination in pencil, Western numerals, supplied during digitization (includes front flyleaf and skips two pages between pp.11-12).</subfield></datafield><datafield tag="500" ind1=" " ind2=" "><subfield code="a">Title from inscription on verso of front flyleaf (p.2).</subfield></datafield><datafield tag="500" ind1=" " ind2=" "><subfield code="a">Ms. codex.</subfield></datafield><datafield tag="520" ind1="8" ind2=" "><subfield code="a">Careful copy of a vast collection (majmūʻah) of assorted poems, including qaṣāʼid, muwashshaḥāt, etc. by various authors, most identified.</subfield></datafield><datafield tag="538" ind1=" " ind2=" "><subfield code="a">Mode of access: Internet.</subfield></datafield><datafield tag="541" ind1=" " ind2=" "><subfield code="a">Acquired in the Fall of 1950.</subfield></datafield><datafield tag="546" ind1=" " ind2=" "><subfield code="a">Arabic.</subfield></datafield><datafield tag="561" ind1=" " ind2=" "><subfield code="a">On upper pastedown label with ex libris of James Heyworth-Dunne (d.1974), stamped with inventory numbers, "Ex Libris | J. Heyworth-Dunne | D. Lit. (London) | No.7768" ; UM Library inscription on p.5 "Dunning | Heyworth-Dunne | 6-13-51 | 71955" ; marginal glosses.</subfield></datafield><datafield tag="650" ind1=" " ind2="0"><subfield code="a">Manuscripts, Arabic</subfield><subfield code="z">Michigan</subfield><subfield code="z">Ann Arbor.</subfield></datafield><datafield tag="650" ind1=" " ind2="0"><subfield code="a">Arabic poetry.</subfield></datafield><datafield tag="700" ind1="1" ind2=" "><subfield code="a">Heyworth-Dunne, J.</subfield><subfield code="q">(James),</subfield><subfield code="e">former owner.</subfield></datafield><datafield tag="773" ind1="0" ind2=" "><subfield code="a">Heyworth-Dunne Collection.</subfield></datafield><datafield tag="880" ind1="0" ind2="0"><subfield code="6">245-03/</subfield><subfield code="a">مجموعة ادب,</subfield><subfield code="f">[ح. 1158ه، 1745م].</subfield></datafield><datafield tag="CID" ind1=" " ind2=" "><subfield code="a">006832514</subfield></datafield><datafield tag="DAT" ind1="0" ind2=" "><subfield code="a">20190719102640.0</subfield><subfield code="b">20190719000000.0</subfield></datafield><datafield tag="DAT" ind1="1" ind2=" "><subfield code="a">20190719090653.0</subfield><subfield code="b">2019-07-19T16:12:26Z</subfield></datafield><datafield tag="DAT" ind1="2" ind2=" "><subfield code="a">2015-10-02T18:00:03Z</subfield></datafield><datafield tag="CAT" ind1=" " ind2=" "><subfield code="a">SDR-MIU</subfield><subfield code="d">EX LIBRIS - ALEPH</subfield><subfield code="l">prepare.pl-004-008</subfield></datafield><datafield tag="FMT" ind1=" " ind2=" "><subfield code="a">BK</subfield></datafield><datafield tag="HOL" ind1=" " ind2=" "><subfield code="0">sdr-miu006832514</subfield><subfield code="a">MiU</subfield><subfield code="b">SDR</subfield><subfield code="c">MIU</subfield><subfield code="p">mdp.39015079131267</subfield><subfield code="s">MIU</subfield><subfield code="1">006832514</subfield></datafield><datafield tag="974" ind1=" " ind2=" "><subfield code="b">MIU</subfield><subfield code="c">MIU</subfield><subfield code="d">20190719</subfield><subfield code="s">lit-dlps-dc</subfield><subfield code="u">mdp.39015079131267</subfield><subfield code="y">1745</subfield><subfield code="r">pd</subfield><subfield code="q">bib</subfield><subfield code="t">non-US bib date1 &lt; 1896</subfield></datafield></record></collection>